:20:STARTUMSE
:25:AT123456789011110000
:28C:00009/001
:60F:C250902EUR8500,00
:61:2509020902C120,00NTRFE2E-2025-09-001
:86:166?00GUTSCHRIFT?20Anschlussgebuehr Gartenzaeh?21ler Nachruestung?32Karl Weidinger?38AT111111111111110006
:61:2509030903C8,50NTRFE2E-2025-09-002
:86:166?00GUTSCHRIFT?20Saeumniszuschlag manuell?32Petra Voglhuber?38AT111111111111110013
:61:2509040904C218,46NTRFE2E-2025-09-003
:86:166?00GUTSCHRIFT?20Rechnung RE-2024-0004?32Brigitte Kogler?38AT111111111111110080
:61:2509070907C200,00NTRFE2E-2025-09-004
:86:166?00GUTSCHRIFT?20RE-2024-0005 Teilzahlung?32Edith Fischer?38AT111111111111110017
:61:2509080908C163,02NTRFE2E-2025-09-005
:86:166?00GUTSCHRIFT?20Rechnung RE-2024-0011?32Hildegard Wagner?38AT111111111111110089
:61:2509100910C229,24NTRFE2E-2025-09-006
:86:166?00GUTSCHRIFT?20Rechnung RE-2024-0019?32Monika Leitner?38AT111111111111110031
:61:2509120912C285,40NTRFE2E-2025-09-007
:86:166?00GUTSCHRIFT?20Akonto-Rueckverrechnung Q2/?212025?32Energie AG Oberoesterreich?38AT222222222222220000
:62F:C250912EUR9724,62
-
