<?xml version="1.0" encoding="UTF-8"?>
<Document xmlns="urn:iso:std:iso:20022:tech:xsd:camt.053.001.02">
 <BkToCstmrStmt>
  <GrpHdr>
   <MsgId>SEED-20250902-20250912</MsgId>
   <CreDtTm>2025-09-12T18:00:00</CreDtTm>
  </GrpHdr>
  <Stmt>
   <Id>STMT-00009-001</Id>
   <ElctrncSeqNb>9</ElctrncSeqNb>
   <CreDtTm>2025-09-12T18:00:00</CreDtTm>
   <FrToDt>
    <FrDtTm>2025-09-02T00:00:00</FrDtTm>
    <ToDtTm>2025-09-12T23:59:59</ToDtTm>
   </FrToDt>
   <Acct>
    <Id><IBAN>AT123456789011110000</IBAN></Id>
    <Ccy>EUR</Ccy>
   </Acct>
   <Bal>
    <Tp><CdOrPrtry><Cd>OPBD</Cd></CdOrPrtry></Tp>
    <Amt Ccy="EUR">8500.00</Amt>
    <CdtDbtInd>CRDT</CdtDbtInd>
    <Dt><Dt>2025-09-02</Dt></Dt>
   </Bal>
   <Bal>
    <Tp><CdOrPrtry><Cd>CLBD</Cd></CdOrPrtry></Tp>
    <Amt Ccy="EUR">9724.62</Amt>
    <CdtDbtInd>CRDT</CdtDbtInd>
    <Dt><Dt>2025-09-12</Dt></Dt>
   </Bal>
    <Ntry>
      <Amt Ccy="EUR">120.00</Amt>
      <CdtDbtInd>CRDT</CdtDbtInd>
      <Sts>BOOK</Sts>
      <BookgDt><Dt>2025-09-02</Dt></BookgDt>
      <ValDt><Dt>2025-09-02</Dt></ValDt>
      <AcctSvcrRef>BANKREF-0001</AcctSvcrRef>
      <BkTxCd><Domn><Cd>PMNT</Cd><Fmly><Cd>RCDT</Cd><SubFmlyCd>ESCT</SubFmlyCd></Fmly></Domn></BkTxCd>
      <NtryDtls>
        <TxDtls>
          <Refs>
            <AcctSvcrRef>BANKREF-0001</AcctSvcrRef>
            <EndToEndId>E2E-2025-09-001</EndToEndId>
          </Refs>
          <Amt Ccy="EUR">120.00</Amt>
          <CdtDbtInd>CRDT</CdtDbtInd>
        <RltdPties>
          <Dbtr><Nm>Karl Weidinger</Nm></Dbtr>
          <DbtrAcct><Id><IBAN>AT111111111111110006</IBAN></Id></DbtrAcct>
        </RltdPties>
          <RmtInf><Ustrd>Anschlussgebuehr Gartenzaehler Nachruestung</Ustrd></RmtInf>
        </TxDtls>
      </NtryDtls>
    </Ntry>
    <Ntry>
      <Amt Ccy="EUR">8.50</Amt>
      <CdtDbtInd>CRDT</CdtDbtInd>
      <Sts>BOOK</Sts>
      <BookgDt><Dt>2025-09-03</Dt></BookgDt>
      <ValDt><Dt>2025-09-03</Dt></ValDt>
      <AcctSvcrRef>BANKREF-0002</AcctSvcrRef>
      <BkTxCd><Domn><Cd>PMNT</Cd><Fmly><Cd>RCDT</Cd><SubFmlyCd>ESCT</SubFmlyCd></Fmly></Domn></BkTxCd>
      <NtryDtls>
        <TxDtls>
          <Refs>
            <AcctSvcrRef>BANKREF-0002</AcctSvcrRef>
            <EndToEndId>E2E-2025-09-002</EndToEndId>
          </Refs>
          <Amt Ccy="EUR">8.50</Amt>
          <CdtDbtInd>CRDT</CdtDbtInd>
        <RltdPties>
          <Dbtr><Nm>Petra Voglhuber</Nm></Dbtr>
          <DbtrAcct><Id><IBAN>AT111111111111110013</IBAN></Id></DbtrAcct>
        </RltdPties>
          <RmtInf><Ustrd>Saeumniszuschlag manuell</Ustrd></RmtInf>
        </TxDtls>
      </NtryDtls>
    </Ntry>
    <Ntry>
      <Amt Ccy="EUR">218.46</Amt>
      <CdtDbtInd>CRDT</CdtDbtInd>
      <Sts>BOOK</Sts>
      <BookgDt><Dt>2025-09-04</Dt></BookgDt>
      <ValDt><Dt>2025-09-04</Dt></ValDt>
      <AcctSvcrRef>BANKREF-0003</AcctSvcrRef>
      <BkTxCd><Domn><Cd>PMNT</Cd><Fmly><Cd>RCDT</Cd><SubFmlyCd>ESCT</SubFmlyCd></Fmly></Domn></BkTxCd>
      <NtryDtls>
        <TxDtls>
          <Refs>
            <AcctSvcrRef>BANKREF-0003</AcctSvcrRef>
            <EndToEndId>E2E-2025-09-003</EndToEndId>
          </Refs>
          <Amt Ccy="EUR">218.46</Amt>
          <CdtDbtInd>CRDT</CdtDbtInd>
        <RltdPties>
          <Dbtr><Nm>Brigitte Kogler</Nm></Dbtr>
          <DbtrAcct><Id><IBAN>AT111111111111110080</IBAN></Id></DbtrAcct>
        </RltdPties>
          <RmtInf><Ustrd>Rechnung RE-2024-0004</Ustrd></RmtInf>
        </TxDtls>
      </NtryDtls>
    </Ntry>
    <Ntry>
      <Amt Ccy="EUR">200.00</Amt>
      <CdtDbtInd>CRDT</CdtDbtInd>
      <Sts>BOOK</Sts>
      <BookgDt><Dt>2025-09-07</Dt></BookgDt>
      <ValDt><Dt>2025-09-07</Dt></ValDt>
      <AcctSvcrRef>BANKREF-0004</AcctSvcrRef>
      <BkTxCd><Domn><Cd>PMNT</Cd><Fmly><Cd>RCDT</Cd><SubFmlyCd>ESCT</SubFmlyCd></Fmly></Domn></BkTxCd>
      <NtryDtls>
        <TxDtls>
          <Refs>
            <AcctSvcrRef>BANKREF-0004</AcctSvcrRef>
            <EndToEndId>E2E-2025-09-004</EndToEndId>
          </Refs>
          <Amt Ccy="EUR">200.00</Amt>
          <CdtDbtInd>CRDT</CdtDbtInd>
        <RltdPties>
          <Dbtr><Nm>Edith Fischer</Nm></Dbtr>
          <DbtrAcct><Id><IBAN>AT111111111111110017</IBAN></Id></DbtrAcct>
        </RltdPties>
          <RmtInf><Ustrd>RE-2024-0005 Teilzahlung</Ustrd></RmtInf>
        </TxDtls>
      </NtryDtls>
    </Ntry>
    <Ntry>
      <Amt Ccy="EUR">163.02</Amt>
      <CdtDbtInd>CRDT</CdtDbtInd>
      <Sts>BOOK</Sts>
      <BookgDt><Dt>2025-09-08</Dt></BookgDt>
      <ValDt><Dt>2025-09-08</Dt></ValDt>
      <AcctSvcrRef>BANKREF-0005</AcctSvcrRef>
      <BkTxCd><Domn><Cd>PMNT</Cd><Fmly><Cd>RCDT</Cd><SubFmlyCd>ESCT</SubFmlyCd></Fmly></Domn></BkTxCd>
      <NtryDtls>
        <TxDtls>
          <Refs>
            <AcctSvcrRef>BANKREF-0005</AcctSvcrRef>
            <EndToEndId>E2E-2025-09-005</EndToEndId>
          </Refs>
          <Amt Ccy="EUR">163.02</Amt>
          <CdtDbtInd>CRDT</CdtDbtInd>
        <RltdPties>
          <Dbtr><Nm>Hildegard Wagner</Nm></Dbtr>
          <DbtrAcct><Id><IBAN>AT111111111111110089</IBAN></Id></DbtrAcct>
        </RltdPties>
          <RmtInf><Ustrd>Rechnung RE-2024-0011</Ustrd></RmtInf>
        </TxDtls>
      </NtryDtls>
    </Ntry>
    <Ntry>
      <Amt Ccy="EUR">229.24</Amt>
      <CdtDbtInd>CRDT</CdtDbtInd>
      <Sts>BOOK</Sts>
      <BookgDt><Dt>2025-09-10</Dt></BookgDt>
      <ValDt><Dt>2025-09-10</Dt></ValDt>
      <AcctSvcrRef>BANKREF-0006</AcctSvcrRef>
      <BkTxCd><Domn><Cd>PMNT</Cd><Fmly><Cd>RCDT</Cd><SubFmlyCd>ESCT</SubFmlyCd></Fmly></Domn></BkTxCd>
      <NtryDtls>
        <TxDtls>
          <Refs>
            <AcctSvcrRef>BANKREF-0006</AcctSvcrRef>
            <EndToEndId>E2E-2025-09-006</EndToEndId>
          </Refs>
          <Amt Ccy="EUR">229.24</Amt>
          <CdtDbtInd>CRDT</CdtDbtInd>
        <RltdPties>
          <Dbtr><Nm>Monika Leitner</Nm></Dbtr>
          <DbtrAcct><Id><IBAN>AT111111111111110031</IBAN></Id></DbtrAcct>
        </RltdPties>
          <RmtInf><Ustrd>Rechnung RE-2024-0019</Ustrd></RmtInf>
        </TxDtls>
      </NtryDtls>
    </Ntry>
    <Ntry>
      <Amt Ccy="EUR">285.40</Amt>
      <CdtDbtInd>CRDT</CdtDbtInd>
      <Sts>BOOK</Sts>
      <BookgDt><Dt>2025-09-12</Dt></BookgDt>
      <ValDt><Dt>2025-09-12</Dt></ValDt>
      <AcctSvcrRef>BANKREF-0007</AcctSvcrRef>
      <BkTxCd><Domn><Cd>PMNT</Cd><Fmly><Cd>RCDT</Cd><SubFmlyCd>ESCT</SubFmlyCd></Fmly></Domn></BkTxCd>
      <NtryDtls>
        <TxDtls>
          <Refs>
            <AcctSvcrRef>BANKREF-0007</AcctSvcrRef>
            <EndToEndId>E2E-2025-09-007</EndToEndId>
          </Refs>
          <Amt Ccy="EUR">285.40</Amt>
          <CdtDbtInd>CRDT</CdtDbtInd>
        <RltdPties>
          <Dbtr><Nm>Energie AG Oberoesterreich</Nm></Dbtr>
          <DbtrAcct><Id><IBAN>AT222222222222220000</IBAN></Id></DbtrAcct>
        </RltdPties>
          <RmtInf><Ustrd>Akonto-Rueckverrechnung Q2/2025</Ustrd></RmtInf>
        </TxDtls>
      </NtryDtls>
    </Ntry>
  </Stmt>
 </BkToCstmrStmt>
</Document>
